
@article{andringa_current_2016,
	title = {Current {Status} and {Future} {Prospects} of the {SNO}+ {Experiment}},
	volume = {2016},
	issn = {1687-7357, 1687-7365},
	url = {http://www.hindawi.com/journals/ahep/2016/6194250/},
	doi = {10.1155/2016/6194250},
	abstract = {SNO+ is a large liquid scintillator-based experiment located 2 km underground at SNOLAB, Sudbury, Canada. It reuses the Sudbury Neutrino Observatory detector, consisting of a 12 m diameter acrylic vessel which will be filled with about 780 tonnes of ultra-pure liquid scintillator. Designed as a multipurpose neutrino experiment, the primary goal of SNO+ is a search for the neutrinoless double-beta decay (0
              
                ν
                β
                β
              
              ) of
              130
              Te. In Phase I, the detector will be loaded with 0.3\% natural tellurium, corresponding to nearly 800 kg of
              130
              Te, with an expected effective Majorana neutrino mass sensitivity in the region of 55–133 meV, just above the inverted mass hierarchy. Recently, the possibility of deploying up to ten times more natural tellurium has been investigated, which would enable SNO+ to achieve sensitivity deep into the parameter space for the inverted neutrino mass hierarchy in the future. Additionally, SNO+ aims to measure reactor antineutrino oscillations, low energy solar neutrinos, and geoneutrinos, to be sensitive to supernova neutrinos, and to search for exotic physics. A first phase with the detector filled with water will begin soon, with the scintillator phase expected to start after a few months of water data taking. The
              
                0
                ν
                β
                β
              
              Phase I is foreseen for 2017.},
	language = {en},
	urldate = {2022-02-08},
	journal = {Advances in High Energy Physics},
	author = {Andringa, S. and Arushanova, E. and Asahi, S. and Askins, M. and Auty, D. J. and Back, A. R. and Barnard, Z. and Barros, N. and Beier, E. W. and Bialek, A. and Biller, S. D. and Blucher, E. and Bonventre, R. and Braid, D. and Caden, E. and Callaghan, E. and Caravaca, J. and Carvalho, J. and Cavalli, L. and Chauhan, D. and Chen, M. and Chkvorets, O. and Clark, K. and Cleveland, B. and Coulter, I. T. and Cressy, D. and Dai, X. and Darrach, C. and Davis-Purcell, B. and Deen, R. and Depatie, M. M. and Descamps, F. and Di Lodovico, F. and Duhaime, N. and Duncan, F. and Dunger, J. and Falk, E. and Fatemighomi, N. and Ford, R. and Gorel, P. and Grant, C. and Grullon, S. and Guillian, E. and Hallin, A. L. and Hallman, D. and Hans, S. and Hartnell, J. and Harvey, P. and Hedayatipour, M. and Heintzelman, W. J. and Helmer, R. L. and Hreljac, B. and Hu, J. and Iida, T. and Jackson, C. M. and Jelley, N. A. and Jillings, C. and Jones, C. and Jones, P. G. and Kamdin, K. and Kaptanoglu, T. and Kaspar, J. and Keener, P. and Khaghani, P. and Kippenbrock, L. and Klein, J. R. and Knapik, R. and Kofron, J. N. and Kormos, L. L. and Korte, S. and Kraus, C. and Krauss, C. B. and Labe, K. and Lam, I. and Lan, C. and Land, B. J. and Langrock, S. and LaTorre, A. and Lawson, I. and Lefeuvre, G. M. and Leming, E. J. and Lidgard, J. and Liu, X. and Liu, Y. and Lozza, V. and Maguire, S. and Maio, A. and Majumdar, K. and Manecki, S. and Maneira, J. and Marzec, E. and Mastbaum, A. and McCauley, N. and McDonald, A. B. and McMillan, J. E. and Mekarski, P. and Miller, C. and Mohan, Y. and Mony, E. and Mottram, M. J. and Novikov, V. and O’Keeffe, H. M. and O’Sullivan, E. and Orebi Gann, G. D. and Parnell, M. J. and Peeters, S. J. M. and Pershing, T. and Petriw, Z. and Prior, G. and Prouty, J. C. and Quirk, S. and Reichold, A. and Robertson, A. and Rose, J. and Rosero, R. and Rost, P. M. and Rumleskie, J. and Schumaker, M. A. and Schwendener, M. H. and Scislowski, D. and Secrest, J. and Seddighin, M. and Segui, L. and Seibert, S. and Shantz, T. and Shokair, T. M. and Sibley, L. and Sinclair, J. R. and Singh, K. and Skensved, P. and Sörensen, A. and Sonley, T. and Stainforth, R. and Strait, M. and Stringer, M. I. and Svoboda, R. and Tatar, J. and Tian, L. and Tolich, N. and Tseng, J. and Tseung, H. W. C. and Van Berg, R. and Vázquez-Jáuregui, E. and Virtue, C. and von Krosigk, B. and Walker, J. M. G. and Walker, M. and Wasalski, O. and Waterfield, J. and White, R. F. and Wilson, J. R. and Winchester, T. J. and Wright, A. and Yeh, M. and Zhao, T. and Zuber, K.},
	year = {2016},
	keywords = {SNO+, overview, white paper},
	pages = {1--21},
	annote = {This is the SNO+ "White paper"},
	file = {Full Text:/home/cookmanl/snap/zotero-snap/common/Zotero/storage/P9SK8XM9/Andringa et al. - 2016 - Current Status and Future Prospects of the SNO+ Ex.pdf:application/pdf},
}

@article{anderson_search_2019,
	title = {Search for invisible modes of nucleon decay in water with the {SNO}+ detector},
	volume = {99},
	issn = {2470-0010, 2470-0029},
	url = {https://link.aps.org/doi/10.1103/PhysRevD.99.032008},
	doi = {10.1103/PhysRevD.99.032008},
	language = {en},
	number = {3},
	urldate = {2022-02-08},
	journal = {Physical Review D},
	author = {Anderson, M. and Andringa, S. and Arushanova, E. and Asahi, S. and Askins, M. and Auty, D. J. and Back, A. R. and Barnard, Z. and Barros, N. and Bartlett, D. and Barão, F. and Bayes, R. and Beier, E. W. and Bialek, A. and Biller, S. D. and Blucher, E. and Bonventre, R. and Boulay, M. and Braid, D. and Caden, E. and Callaghan, E. J. and Caravaca, J. and Carvalho, J. and Cavalli, L. and Chauhan, D. and Chen, M. and Chkvorets, O. and Clark, K. J. and Cleveland, B. and Connors, C. and Coulter, I. T. and Cressy, D. and Dai, X. and Darrach, C. and Davis-Purcell, B. and Depatie, M. M. and Descamps, F. and Di Lodovico, F. and Duhaime, N. and Duncan, F. and Dunger, J. and Falk, E. and Fatemighomi, N. and Fischer, V. and Fletcher, E. and Ford, R. and Gagnon, N. and Gilje, K. and Gorel, P. and Graham, K. and Grant, C. and Grove, J. and Grullon, S. and Guillian, E. and Hallin, A. L. and Hallman, D. and Hans, S. and Hartnell, J. and Harvey, P. and Hedayatipour, M. and Heintzelman, W. J. and Heise, J. and Helmer, R. L. and Hernández-Hernández, J. L. and Hreljac, B. and Hu, J. and Iida, T. and Inácio, A. S. and Jackson, C. M. and Jelley, N. A. and Jillings, C. J. and Jones, C. and Jones, P. G. and Kamdin, K. and Kaptanoglu, T. and Kaspar, J. and Keeter, K. and Kefelian, C. and Khaghani, P. and Kippenbrock, L. and Klein, J. R. and Knapik, R. and Kofron, J. and Kormos, L. L. and Krar, B. and Kraus, C. and Krauss, C. B. and Kroupova, T. and Labe, K. and Lam, I. and Lan, C. and Land, B. J. and Lane, R. and Langrock, S. and LaTorre, A. and Lawson, I. and Lebanowski, L. and Lefeuvre, G. M. and Leming, E. J. and Li, A. and Lidgard, J. and Liggins, B. and Liu, X. and Liu, Y. and Lozza, V. and Luo, M. and Maguire, S. and Maio, A. and Majumdar, K. and Manecki, S. and Maneira, J. and Martin, R. D. and Marzec, E. and Mastbaum, A. and McCauley, N. and McDonald, A. B. and McMillan, J. E. and Mekarski, P. and Meyer, M. and Miller, C. and Mlejnek, M. and Mony, E. and Morton-Blake, I. and Mottram, M. J. and Nae, S. and Nirkko, M. and Novikov, V. and O’Keeffe, H. M. and O’Sullivan, E. and Orebi Gann, G. D. and Parnell, M. J. and Paton, J. and Peeters, S. J. M. and Pershing, T. and Petriw, Z. and Pickard, L. and Pracsovics, D. and Prior, G. and Prouty, J. C. and Quirk, S. and Reichold, A. and Richardson, R. and Rigan, M. and Robertson, A. and Rose, J. and Rosero, R. and Rost, P. M. and Rumleskie, J. and Schumaker, M. A. and Schwendener, M. H. and Scislowski, D. and Secrest, J. and Seddighin, M. and Segui, L. and Seibert, S. and Semenec, I. and Shantz, T. and Shokair, T. M. and Sibley, L. and Sinclair, J. R. and Singh, K. and Skensved, P. and Sonley, T. and Stainforth, R. and Strait, M. and Stringer, M. I. and Svoboda, R. and Sörensen, A. and Tam, B. and Tatar, J. and Tian, L. and Tolich, N. and Tseng, J. and Tseung, H. W. C. and Turner, E. and Van Berg, R. and Veinot, J. G. C. and Virtue, C. J. and von Krosigk, B. and Vázquez-Jáuregui, E. and Walker, J. M. G. and Walker, M. and Wang, J. and Wasalski, O. and Waterfield, J. and Weigand, J. J. and White, R. F. and Wilson, J. R. and Winchester, T. J. and Woosaree, P. and Wright, A. and Yanez, J. P. and Yeh, M. and Zhao, T. and Zuber, K. and Zummo, A. and {The SNO+ Collaboration}},
	month = feb,
	year = {2019},
	keywords = {SNO+, water-phase},
	pages = {032008},
	file = {Full Text:/home/cookmanl/snap/zotero-snap/common/Zotero/storage/X2JTTU28/Anderson et al. - 2019 - Search for invisible modes of nucleon decay in wat.pdf:application/pdf},
}

@article{anderson_measurement_2019,
	title = {Measurement of the {B} 8 solar neutrino flux in {SNO}+ with very low backgrounds},
	volume = {99},
	issn = {2470-0010, 2470-0029},
	url = {https://link.aps.org/doi/10.1103/PhysRevD.99.012012},
	doi = {10.1103/PhysRevD.99.012012},
	language = {en},
	number = {1},
	urldate = {2022-02-08},
	journal = {Physical Review D},
	author = {Anderson, M. and Andringa, S. and Asahi, S. and Askins, M. and Auty, D. J. and Barros, N. and Bartlett, D. and Barão, F. and Bayes, R. and Beier, E. W. and Bialek, A. and Biller, S. D. and Blucher, E. and Bonventre, R. and Boulay, M. and Caden, E. and Callaghan, E. J. and Caravaca, J. and Chauhan, D. and Chen, M. and Chkvorets, O. and Cleveland, B. and Connors, C. and Coulter, I. T. and Depatie, M. M. and Di Lodovico, F. and Duncan, F. and Dunger, J. and Falk, E. and Fischer, V. and Fletcher, E. and Ford, R. and Gagnon, N. and Gilje, K. and Grant, C. and Grove, J. and Hallin, A. L. and Hallman, D. and Hans, S. and Hartnell, J. and Heintzelman, W. J. and Helmer, R. L. and Hernández-Hernández, J. L. and Hreljac, B. and Hu, J. and Inácio, A. S. and Jillings, C. J. and Kaptanoglu, T. and Khaghani, P. and Klein, J. R. and Knapik, R. and Kormos, L. L. and Krar, B. and Kraus, C. and Krauss, C. B. and Kroupova, T. and Lam, I. and Land, B. J. and Lane, R. and LaTorre, A. and Lawson, I. and Lebanowski, L. and Leming, E. J. and Li, A. and Lidgard, J. and Liggins, B. and Liu, Y. and Lozza, V. and Luo, M. and Maguire, S. and Maio, A. and Manecki, S. and Maneira, J. and Martin, R. D. and Marzec, E. and Mastbaum, A. and McCauley, N. and McDonald, A. B. and Mekarski, P. and Meyer, M. and Mlejnek, M. and Morton-Blake, I. and Nae, S. and Nirkko, M. and O’Keeffe, H. M. and Orebi Gann, G. D. and Parnell, M. J. and Paton, J. and Peeters, S. J. M. and Pershing, T. and Pickard, L. and Pracsovics, D. and Prior, G. and Reichold, A. and Richardson, R. and Rigan, M. and Rose, J. and Rosero, R. and Rumleskie, J. and Semenec, I. and Singh, K. and Skensved, P. and Stringer, M. I. and Svoboda, R. and Tam, B. and Tian, L. and Tseng, J. and Turner, E. and Van Berg, R. and Veinot, J. G. C. and Virtue, C. J. and Vázquez-Jáuregui, E. and Wang, J. and Weigand, J. J. and Wilson, J. R. and Woosaree, P. and Wright, A. and Yanez, J. P. and Yeh, M. and Zuber, K. and Zummo, A. and {{\textless}math xmlns="http://www.w3.org/1998/Math/MathML" display="inline"{\textgreater}{\textless}mrow{\textgreater}{\textless}mi{\textgreater}SNO{\textless}/mi{\textgreater}{\textless}mo{\textgreater}+{\textless}/mo{\textgreater}{\textless}/mrow{\textgreater}{\textless}/math{\textgreater} Collaboration}},
	month = jan,
	year = {2019},
	keywords = {SNO+, solar, water-phase},
	pages = {012012},
	file = {Full Text:/home/cookmanl/snap/zotero-snap/common/Zotero/storage/PLSLGSSA/Anderson et al. - 2019 - Measurement of the B 8 solar neutrino flux in SNO .pdf:application/pdf},
}

@article{biller_slow_2020,
	title = {Slow fluors for effective separation of {Cherenkov} light in liquid scintillators},
	volume = {972},
	issn = {01689002},
	url = {https://linkinghub.elsevier.com/retrieve/pii/S0168900220305167},
	doi = {10.1016/j.nima.2020.164106},
	language = {en},
	urldate = {2022-02-08},
	journal = {Nuclear Instruments and Methods in Physics Research Section A: Accelerators, Spectrometers, Detectors and Associated Equipment},
	author = {Biller, Steven D. and Leming, Edward J. and Paton, Josephine L.},
	month = aug,
	year = {2020},
	keywords = {slow fluors, R\&D, scintillator},
	pages = {164106},
	file = {Submitted Version:/home/cookmanl/snap/zotero-snap/common/Zotero/storage/52BDLQ9B/Biller et al. - 2020 - Slow fluors for effective separation of Cherenkov .pdf:application/pdf},
}

@article{anderson_measurement_2020,
	title = {Measurement of neutron-proton capture in the {SNO}+ water phase},
	volume = {102},
	issn = {2469-9985, 2469-9993},
	url = {https://link.aps.org/doi/10.1103/PhysRevC.102.014002},
	doi = {10.1103/PhysRevC.102.014002},
	language = {en},
	number = {1},
	urldate = {2022-02-08},
	journal = {Physical Review C},
	author = {Anderson, M. R. and Andringa, S. and Askins, M. and Auty, D. J. and Barros, N. and Barão, F. and Bayes, R. and Beier, E. W. and Bialek, A. and Biller, S. D. and Blucher, E. and Bonventre, R. and Boulay, M. and Caden, E. and Callaghan, E. J. and Caravaca, J. and Chauhan, D. and Chen, M. and Chkvorets, O. and Cleveland, B. and Cox, M. A. and Depatie, M. M. and Dittmer, J. and Di Lodovico, F. and Earle, A. D. and Falk, E. and Fatemighomi, N. and Fischer, V. and Fletcher, E. and Ford, R. and Frankiewicz, K. and Gilje, K. and Gooding, D. and Grant, C. and Grove, J. and Hallin, A. L. and Hallman, D. and Hans, S. and Hartnell, J. and Harvey, P. and Heintzelman, W. J. and Helmer, R. L. and Horne, D. and Hreljac, B. and Hu, J. and Hussain, A. S. M. and Inácio, A. S. and Jillings, C. J. and Kaptanoglu, T. and Khaghani, P. and Klein, J. R. and Knapik, R. and Kormos, L. L. and Krar, B. and Kraus, C. and Krauss, C. B. and Kroupova, T. and Lam, I. and Land, B. J. and LaTorre, A. and Lawson, I. and Lebanowski, L. and Leming, E. J. and Li, A. and Lidgard, J. and Liggins, B. and Lin, Y. H. and Liu, Y. and Lozza, V. and Luo, M. and Maguire, S. and Maio, A. and Manecki, S. and Maneira, J. and Martin, R. D. and Marzec, E. and Mastbaum, A. and McCauley, N. and McDonald, A. B. and Mekarski, P. and Meyer, M. and Mills, C. and Morton-Blake, I. and Nae, S. and Nirkko, M. and Nolan, L. J. and O'Keeffe, H. M. and Orebi Gann, G. D. and Parnell, M. J. and Paton, J. and Peeters, S. J. M. and Pershing, T. and Pickard, L. and Prior, G. and Reichold, A. and Riccetto, S. and Richardson, R. and Rigan, M. and Rose, J. and Rosero, R. and Rost, P. M. and Rumleskie, J. and Semenec, I. and Shaker, F. and Sharma, M. K. and Singh, K. and Skensved, P. and Smiley, M. and Stringer, M. I. and Svoboda, R. and Tam, B. and Tian, L. and Tseng, J. and Turner, E. and Van Berg, R. and Veinot, J. G. C. and Virtue, C. J. and Vázquez-Jáuregui, E. and Walton, S. C. and Wang, J. and Ward, M. and Weigand, J. J. and Wilson, J. R. and Woosaree, P. and Wright, A. and Yanez, J. P. and Yeh, M. and Zhang, T. and Zhang, Y. and Zuber, K. and Zummo, A. and {The SNO+ Collaboration}},
	month = jul,
	year = {2020},
	keywords = {SNO+, water-phase},
	pages = {014002},
	file = {Full Text:/home/cookmanl/snap/zotero-snap/common/Zotero/storage/37WQCARA/Anderson et al. - 2020 - Measurement of neutron-proton capture in the SNO +.pdf:application/pdf},
}

@article{albanese_sno_2021,
	title = {The {SNO}+ experiment},
	volume = {16},
	issn = {1748-0221},
	url = {https://doi.org/10.1088/1748-0221/16/08/p08059},
	doi = {10.1088/1748-0221/16/08/P08059},
	abstract = {The SNO+ experiment is located 2 km underground at SNOLAB in Sudbury, Canada. A low background search for neutrinoless double beta (0νββ) decay will be conducted using 780 tonnes of liquid scintillator loaded with 3.9 tonnes of natural tellurium, corresponding to 1.3 tonnes of 130Te. This paper provides a general overview of the SNO+ experiment, including detector design, construction of process plants, commissioning efforts, electronics upgrades, data acquisition systems, and calibration techniques. The SNO+ collaboration is reusing the acrylic vessel, PMT array, and electronics of the SNO detector, having made a number of experimental upgrades and essential adaptations for use with the liquid scintillator. With low backgrounds and a low energy threshold, the SNO+ collaboration will also pursue a rich physics program beyond the search for 0νββ decay, including studies of geo- and reactor antineutrinos, supernova and solar neutrinos, and exotic physics such as the search for invisible nucleon decay. The SNO+ approach to the search for 0νββ decay is scalable: a future phase with high 130Te-loading is envisioned to probe an effective Majorana mass in the inverted mass ordering region.},
	language = {en},
	number = {08},
	urldate = {2022-02-08},
	journal = {Journal of Instrumentation},
	author = {Albanese, V. and Alves, R. and Anderson, M. R. and Andringa, S. and Anselmo, L. and Arushanova, E. and Asahi, S. and Askins, M. and Auty, D. J. and Back, A. R. and Back, S. and Barão, F. and Barnard, Z. and Barr, A. and Barros, N. and Bartlett, D. and Bayes, R. and Beaudoin, C. and Beier, E. W. and Berardi, G. and Bialek, A. and Biller, S. D. and Blucher, E. and Bonventre, R. and Boulay, M. and Braid, D. and Caden, E. and Callaghan, E. J. and Caravaca, J. and Carvalho, J. and Cavalli, L. and Chauhan, D. and Chen, M. and Chkvorets, O. and Clark, K. J. and Cleveland, B. and Connors, C. and Cookman, D. and Coulter, I. T. and Cox, M. A. and Cressy, D. and Dai, X. and Darrach, C. and Davis-Purcell, B. and Deluce, C. and Depatie, M. M. and Descamps, F. and Lodovico, F. Di and Dittmer, J. and Doxtator, A. and Duhaime, N. and Duncan, F. and Dunger, J. and Earle, A. D. and Fabris, D. and Falk, E. and Farrugia, A. and Fatemighomi, N. and Felber, C. and Fischer, V. and Fletcher, E. and Ford, R. and Frankiewicz, K. and Gagnon, N. and Gaur, A. and Gauthier, J. and Gibson-Foster, A. and Gilje, K. and González-Reina, O. I. and Gooding, D. and Gorel, P. and Graham, K. and Grant, C. and Grove, J. and Grullon, S. and Guillian, E. and Hall, S. and Hallin, A. L. and Hallman, D. and Hans, S. and Hartnell, J. and Harvey, P. and Hedayatipour, M. and Heintzelman, W. J. and Heise, J. and Helmer, R. L. and Hodak, B. and Hodak, M. and Hood, M. and Horne, D. and Hreljac, B. and Hu, J. and Hussain, S. M. A. and Iida, T. and Inácio, A. S. and Jackson, C. M. and Jelley, N. A. and Jillings, C. J. and Jones, C. and Jones, P. G. and Kamdin, K. and Kaptanoglu, T. and Kaspar, J. and Keeter, K. and Kefelian, C. and Khaghani, P. and Kippenbrock, L. and Klein, J. R. and Knapik, R. and Kofron, J. and Kormos, L. L. and Korte, S. and Krar, B. and Kraus, C. and Krauss, C. B. and Kroupová, T. and Labe, K. and Lafleur, F. and Lam, I. and Lan, C. and Land, B. J. and Lane, R. and Langrock, S. and Larochelle, P. and Larose, S. and LaTorre, A. and Lawson, I. and Lebanowski, L. and Lefeuvre, G. M. and Leming, E. J. and Li, A. and Li, O. and Lidgard, J. and Liggins, B. and Liimatainen, P. and Lin, Y. H. and Liu, X. and Liu, Y. and Lozza, V. and Luo, M. and Maguire, S. and Maio, A. and Majumdar, K. and Manecki, S. and Maneira, J. and Martin, R. D. and Marzec, E. and Mastbaum, A. and Mathewson, A. and McCauley, N. and McDonald, A. B. and McFarlane, K. and Mekarski, P. and Meyer, M. and Miller, C. and Mills, C. and Mlejnek, M. and Mony, E. and Morissette, B. and Morton-Blake, I. and Mottram, M. J. and Nae, S. and Nirkko, M. and Nolan, L. J. and Novikov, V. M. and O'Keeffe, H. M. and O'Sullivan, E. and Gann, G. D. Orebi and Parnell, M. J. and Paton, J. and Peeters, S. J. M. and Pershing, T. and Petriw, Z. and Petzoldt, J. and Pickard, L. and Pracsovics, D. and Prior, G. and Prouty, J. C. and Quirk, S. and Read, S. and Reichold, A. and Riccetto, S. and Richardson, R. and Rigan, M. and Ritchie, I. and Robertson, A. and Robertson, B. C. and Rose, J. and Rosero, R. and Rost, P. M. and Rumleskie, J. and Schumaker, M. A. and Schwendener, M. H. and Scislowski, D. and Secrest, J. and Seddighin, M. and Segui, L. and Seibert, S. and Semenec, I. and Shaker, F. and Shantz, T. and Sharma, M. K. and Shokair, T. M. and Sibley, L. and Sinclair, J. R. and Singh, K. and Skensved, P. and Smiley, M. and Sonley, T. and Sörensen, A. and St-Amant, M. and Stainforth, R. and Stankiewicz, S. and Strait, M. and Stringer, M. I. and Stripay, A. and Svoboda, R. and Tacchino, S. and Tam, B. and Tanguay, C. and Tatar, J. and Tian, L. and Tolich, N. and Tseng, J. and Tseung, H. W. C. and Turner, E. and Berg, R. Van and Vázquez-Jáuregui, E. and Veinot, J. G. C. and Virtue, C. J. and Krosigk, B. von and Walker, J. M. G. and Walker, M. and Wallig, J. and Walton, S. C. and Wang, J. and Ward, M. and Wasalski, O. and Waterfield, J. and Weigand, J. J. and White, R. F. and Wilson, J. R. and Winchester, T. J. and Woosaree, P. and Wright, A. and Yanez, J. P. and Yeh, M. and Zhang, T. and Zhang, Y. and Zhao, T. and Zuber, K. and Zummo, A.},
	month = aug,
	year = {2021},
	note = {Publisher: IOP Publishing},
	keywords = {SNO+, overview, detector paper},
	pages = {P08059},
	file = {IOP Full Text PDF:/home/cookmanl/snap/zotero-snap/common/Zotero/storage/NHGSZA8M/Albanese et al. - 2021 - The SNO\$mathplus\$ experiment.pdf:application/pdf},
}

@article{anderson_optical_2021,
	title = {Optical calibration of the {SNO}+ detector in the water phase with deployed sources},
	volume = {16},
	issn = {1748-0221},
	url = {https://iopscience.iop.org/article/10.1088/1748-0221/16/10/P10021},
	doi = {10.1088/1748-0221/16/10/P10021},
	language = {en},
	number = {10},
	urldate = {2022-02-08},
	journal = {Journal of Instrumentation},
	author = {Anderson, M.R. and Andringa, S. and Askins, M. and Auty, D.J. and Barão, F. and Barros, N. and Bayes, R. and Beier, E.W. and Bialek, A. and Biller, S.D. and Blucher, E. and Boulay, M. and Caden, E. and Callaghan, E.J. and Caravaca, J. and Chen, M. and Chkvorets, O. and Cleveland, B. and Cookman, D. and Corning, J. and Cox, M.A. and Deluce, C. and Depatie, M.M. and Di Lodovico, F. and Dittmer, J. and Falk, E. and Fatemighomi, N. and Fischer, V. and Ford, R. and Frankiewicz, K. and Gaur, A. and Gilje, K. and González-Reina, O.I. and Gooding, D. and Grant, C. and Grove, J. and Hallin, A.L. and Hallman, D. and Hartnell, J. and Heintzelman, W.J. and Helmer, R.L. and Hu, J. and Hunt-Stokes, R. and Hussain, S.M.A. and Inácio, A.S. and Jillings, C.J. and Kaptanoglu, T. and Khaghani, P. and Khan, H. and Klein, J.R. and Kormos, L.L. and Krar, B. and Kraus, C. and Krauss, C.B. and Kroupová, T. and Lam, I. and Land, B.J. and LaTorre, A. and Lawson, I. and Lebanowski, L. and Lefebvre, C. and Li, A. and Lidgard, J. and Lin, Y.H. and Liu, Y. and Lozza, V. and Luo, M. and Maio, A. and Manecki, S. and Maneira, J. and Martin, R.D. and McCauley, N. and McDonald, A.B. and Meyer, M. and Mills, C. and Morton-Blake, I. and Nae, S. and Nirkko, M. and Nolan, L.J. and O'Keeffe, H.M. and Orebi Gann, G.D. and Page, J. and Parker, W. and Paton, J. and Peeters, S.J.M. and Pershing, T. and Pickard, L. and Prior, G. and Ravi, P. and Reichold, A. and Riccetto, S. and Richardson, R. and Rigan, M. and Rose, J. and Rumleskie, J. and Semenec, I. and Shaker, F. and Sharma, M.K. and Skensved, P. and Smiley, M. and Stainforth, R. and Svoboda, R. and Tam, B. and Tseng, J. and Turner, E. and Valder, S. and Vázquez-Jáuregui, E. and Veinot, J.G.C. and Virtue, C.J. and Wang, J. and Ward, M. and Weigand, J.J. and Wilson, J.R. and Wright, A. and Yanez, J.P. and Yeh, M. and Yu, S. and Zhang, T. and Zhang, Y. and Zuber, K. and Zummo, A.},
	month = oct,
	year = {2021},
	keywords = {SNO+, calibration, optics, optical calibration},
	pages = {P10021},
	file = {Anderson et al. - 2021 - Optical calibration of the SNO+ detector in the wa.pdf:/home/cookmanl/snap/zotero-snap/common/Zotero/storage/CPHGLN6A/Anderson et al. - 2021 - Optical calibration of the SNO+ detector in the wa.pdf:application/pdf},
}

@article{anderson_development_2021,
	title = {Development, characterisation, and deployment of the {SNO}+ liquid scintillator},
	volume = {16},
	issn = {1748-0221},
	url = {https://iopscience.iop.org/article/10.1088/1748-0221/16/05/P05009},
	doi = {10.1088/1748-0221/16/05/P05009},
	abstract = {Abstract
            A liquid scintillator consisting of linear alkylbenzene as the solvent and 2,5-diphenyloxazole as the fluor was developed for the SNO+ experiment.
This mixture was chosen as it is compatible with acrylic and has a competitive light yield to pre-existing liquid scintillators while conferring other advantages including longer attenuation lengths, superior safety characteristics, chemical simplicity, ease of handling, and logistical availability.
Its properties have been extensively characterized and are presented here.
This liquid scintillator is now used in several neutrino physics experiments in addition to SNO+.},
	language = {en},
	number = {05},
	urldate = {2022-02-08},
	journal = {Journal of Instrumentation},
	author = {Anderson, M.R. and Andringa, S. and Anselmo, L. and Arushanova, E. and Asahi, S. and Askins, M. and Auty, D.J. and Back, A.R. and Barnard, Z. and Barros, N. and Bartlett, D. and Barão, F. and Bayes, R. and Beier, E.W. and Bialek, A. and Biller, S.D. and Blucher, E. and Bonventre, R. and Boulay, M. and Braid, D. and Caden, E. and Callaghan, E.J. and Caravaca, J. and Carvalho, J. and Cavalli, L. and Chauhan, D. and Chen, M. and Chkvorets, O. and Clark, K.J. and Cleveland, B. and Cookman, D. and Connors, C. and Coulter, I.T. and Cox, M.A. and Cressy, D. and Dai, X. and Darrach, C. and Davis-Purcell, B. and Deluce, C. and Depatie, M.M. and Descamps, F. and Dittmer, J. and Di Lodovico, F. and Duhaime, N. and Duncan, F. and Dunger, J. and Earle, A.D. and Fabris, D. and Falk, E. and Farrugia, A. and Fatemighomi, N. and Fischer, V. and Fletcher, E. and Ford, R. and Frankiewicz, K. and Gagnon, N. and Gaur, A. and Gilje, K. and González-Reina, O.I. and Gooding, D. and Gorel, P. and Graham, K. and Grant, C. and Grove, J. and Grullon, S. and Guillian, E. and Hall, S. and Hallin, A.L. and Hallman, D. and Hans, S. and Hartnell, J. and Harvey, P. and Hedayatipour, M. and Heintzelman, W.J. and Heise, J. and Helmer, R.L. and Horne, D. and Hreljac, B. and Hu, J. and Hussain, S.M.A. and Iida, T. and Inácio, A.S. and Jackson, C.M. and Jelley, N.A. and Jillings, C.J. and Jones, C. and Jones, P.G. and Kamdin, K. and Kaptanoglu, T. and Kaspar, J. and Keeter, K. and Kefelian, C. and Khaghani, P. and Kippenbrock, L. and Klein, J.R. and Knapik, R. and Kofron, J. and Kormos, L.L. and Korte, S. and Krar, B. and Kraus, C. and Krauss, C.B. and Kroupova, T. and Labe, K. and Lafleur, F. and Lam, I. and Lan, C. and Land, B.J. and Lane, R. and Langrock, S. and LaTorre, A. and Lawson, I. and Lebanowski, L. and Lefeuvre, G.M. and Leming, E.J. and Li, A. and Lidgard, J. and Liggins, B. and Lin, Y.H. and Liu, X. and Liu, Y. and Lozza, V. and Luo, M. and Maguire, S. and Maio, A. and Majumdar, K. and Manecki, S. and Maneira, J. and Martin, R.D. and Marzec, E. and Mastbaum, A. and Mauel, J. and McCauley, N. and McDonald, A.B. and Mekarski, P. and Meyer, M. and Miller, C. and Mills, C. and Mlejnek, M. and Mony, E. and Morton-Blake, I. and Mottram, M.J. and Nae, S. and Nirkko, M. and Nolan, L.J. and Novikov, V.M. and O'Keeffe, H.M. and O'Sullivan, E. and Orebi Gann, G.D. and Parnell, M.J. and Paton, J. and Peeters, S.J.M. and Pershing, T. and Petriw, Z. and Petzoldt, J. and Pickard, L. and Pracsovics, D. and Prior, G. and Prouty, J.C. and Quirk, S. and Reichold, A. and Riccetto, S. and Richardson, R. and Rigan, M. and Robertson, A. and Rose, J. and Rosero, R. and Rost, P.M. and Rumleskie, J. and Schumaker, M.A. and Schwendener, M.H. and Scislowski, D. and Secrest, J. and Seddighin, M. and Segui, L. and Seibert, S. and Semenec, I. and Shaker, F. and Shantz, T. and Sharma, M.K. and Shokair, T.M. and Sibley, L. and Sinclair, J.R. and Singh, K. and Skensved, P. and Smiley, M. and Sonley, T. and Stainforth, R. and Strait, M. and Stringer, M.I. and Svoboda, R. and Sörensen, A. and Tam, B. and Tatar, J. and Tian, L. and Tolich, N. and Tseng, J. and Tseung, H.W.C. and Turner, E. and Van Berg, R. and Veinot, J.G.C. and Virtue, C.J. and von Krosigk, B. and Vázquez-Jáuregui, E. and Walker, J.M.G. and Walker, M. and Walton, S.C. and Wang, J. and Ward, M. and Wasalski, O. and Waterfield, J. and Weigand, J.J. and White, R.F. and Wilson, J.R. and Winchester, T.J. and Woosaree, P. and Wright, A. and Yanez, J.P. and Yeh, M. and Zhang, T. and Zhang, Y. and Zhao, T. and Zuber, K. and Zummo, A.},
	month = may,
	year = {2021},
	keywords = {SNO+, scintillator, scintillator development},
	pages = {P05009},
	file = {Anderson et al. - 2021 - Development, characterisation, and deployment of t.pdf:/home/cookmanl/snap/zotero-snap/common/Zotero/storage/3YTZ6R4J/Anderson et al. - 2021 - Development, characterisation, and deployment of t.pdf:application/pdf},
}

@phdthesis{lidgard_scattering_nodate,
	type = {{DPhil} {Thesis}},
	title = {The {Scattering} {Calibration} {System} and anti-neutrino {Selection} {Studies} for {SNO}+},
	school = {University of Oxford},
	author = {Lidgard, J.},
	note = {In preparation},
	keywords = {SNO+, calibration, SMELLIE, reactor anti-nu, thesis, SMELLIE hardware},
}

@phdthesis{turner_measurement_2022,
	type = {{DPhil} {Thesis}},
	title = {A {Measurement} of {Scattering} {Characteristics} of the {Detection} {Medium} in the {SNO}+ {Detector}},
	school = {University of Oxford},
	author = {Turner, E.},
	year = {2022},
	keywords = {SNO+, calibration, SMELLIE, thesis, scattering, scattering analysis},
}

@phdthesis{langrock_measurement_2016,
	type = {{PhD} thesis},
	title = {Measurement of the {Rayleigh} {Scattering} {Length} and {Background} contributions during early data taking phases at {SNO}+},
	school = {Queen Mary, University of London},
	author = {Langrock, S.},
	year = {2016},
	keywords = {SNO+, calibration, SMELLIE, thesis, scattering, scattering analysis},
	file = {Langrock_Thesis.pdf:/home/cookmanl/Documents/snowork/Theses/Langrock_Thesis.pdf:application/pdf},
}

@phdthesis{majumdar_measurement_2015,
	type = {{DPhil} {Thesis}},
	title = {On the {Measurement} of {Optical} {Scattering} and {Studies} of {Background} {Rejection} in the {SNO}+ detector},
	school = {University of Oxford},
	author = {Majumdar, K.},
	year = {2015},
	keywords = {SNO+, calibration, SMELLIE, scattering, scattering analysis, SMELLIE hardware, BiPo rejection},
	file = {krishanu_thesis.pdf:/home/cookmanl/Documents/snowork/Theses/krishanu_thesis.pdf:application/pdf},
}

@phdthesis{wilson_measurement_2004,
	type = {{DPhil} {Thesis}},
	title = {A {Measurement} of the {B8} {Solar} {Neutrino} {Energy} {Spectrum} at the {Sudbury} {Neutrino} {Observatory}},
	school = {University of Oxford},
	author = {Wilson, J. R.},
	year = {2004},
	keywords = {solar, thesis, scattering analysis, SNO},
	file = {JeanneWilsonPhD.pdf:/home/cookmanl/Documents/snowork/Theses/JeanneWilsonPhD.pdf:application/pdf},
}

@phdthesis{barros_precision_2011,
	type = {{PhD} thesis},
	title = {Precision {Measurement} of {Neutrino} {Oscillation} {Parameters}: {Combined} {Three}-{Phase} {Results} of the {Sudbury} {Neutrino} {Observatory}},
	school = {Universidade de Lisboa},
	author = {Barros, N.},
	year = {2011},
	keywords = {solar, thesis, SNO, oscillation analysis},
	file = {thesis_nbarros.pdf:/home/cookmanl/Documents/snowork/Theses/thesis_nbarros.pdf:application/pdf},
}

@incollection{noauthor_rapports_1935,
	title = {Rapports du {Septième} {Conseil} de {Physique} {Solvay}, 1933},
	copyright = {domaine public public domain},
	shorttitle = {Rapports du {Septième} {Conseil} de {Physique} {Solvay}, 1933},
	booktitle = {Rapports du {Septième} {Conseil} de {Physique} {Solvay}, 1933},
	publisher = {Gauthier-Villars (Paris)},
	year = {1935},
	note = {Pauli's remarks are in French},
	keywords = {neutrino, theory, neutrino proposal, Pauli},
	pages = {324},
}

@article{cowan_detection_1956,
	title = {Detection of the {Free} {Neutrino}: a {Confirmation}},
	volume = {124},
	issn = {0036-8075, 1095-9203},
	shorttitle = {Detection of the {Free} {Neutrino}},
	url = {https://www.science.org/doi/10.1126/science.124.3212.103},
	doi = {10.1126/science.124.3212.103},
	language = {en},
	number = {3212},
	urldate = {2022-02-08},
	journal = {Science},
	author = {Cowan, C. L. and Reines, F. and Harrison, F. B. and Kruse, H. W. and McGuire, A. D.},
	month = jul,
	year = {1956},
	keywords = {reactor anti-nu, neutrino, neutrino discovery},
	pages = {103--104},
	file = {Cowan et al. - 1956 - Detection of the Free Neutrino a Confirmation.pdf:/home/cookmanl/snap/zotero-snap/common/Zotero/storage/XYCPETJ4/Cowan et al. - 1956 - Detection of the Free Neutrino a Confirmation.pdf:application/pdf},
}

@article{reines_neutrino_1956,
	title = {The {Neutrino}},
	volume = {178},
	copyright = {1956 Nature Publishing Group},
	issn = {1476-4687},
	url = {https://www.nature.com/articles/178446a0},
	doi = {10.1038/178446a0},
	abstract = {In the 1920s, physicists were confused: the phenomenon of β decay (in which an electron is emitted from the atomic nucleus) seemed to violate conservation laws. The energy spectrum of the electrons, or β-rays, is continuous: if energy is conserved, another, variable, amount of energy must somehow leave the system. In 1927, Ellis and Wooster [Nature 119, 563–564 (1927)] tried — and failed — to capture and measure that missing energy. By 1933, Pauli had devised an explanation in terms of another, undetected, particle being emitted by the nucleus; Fermi called it 'the neutrino'. Only in 1956 was the existence of the neutrino proved: Reines and Cowan [Nature 178, 446–449 (1956)] sent Pauli a telegram to inform him of their discovery.},
	language = {en},
	number = {4531},
	urldate = {2022-02-08},
	journal = {Nature},
	author = {Reines, Frederick and Cowan, C. L.},
	month = sep,
	year = {1956},
	note = {Number: 4531
Publisher: Nature Publishing Group},
	keywords = {reactor anti-nu, neutrino, Humanities and Social Sciences, multidisciplinary, Science, neutrino discovery},
	pages = {446--449},
	file = {Full Text PDF:/home/cookmanl/snap/zotero-snap/common/Zotero/storage/HVEALU7A/Reines and COWANjun. - 1956 - The Neutrino.pdf:application/pdf;Snapshot:/home/cookmanl/snap/zotero-snap/common/Zotero/storage/KCSKHFQD/178446a0.html:text/html},
}

@article{brown_idea_1978,
	title = {The idea of the neutrino},
	volume = {31},
	issn = {0031-9228, 1945-0699},
	url = {http://physicstoday.scitation.org/doi/10.1063/1.2995181},
	doi = {10.1063/1.2995181},
	language = {en},
	number = {9},
	urldate = {2022-02-08},
	journal = {Physics Today},
	author = {Brown, Laurie M.},
	month = sep,
	year = {1978},
	keywords = {neutrino, neutrino proposal, neutrino discovery, neutrino history},
	pages = {23--28},
	file = {Brown - 1978 - The idea of the neutrino.pdf:/home/cookmanl/snap/zotero-snap/common/Zotero/storage/8Q4X43PF/Brown - 1978 - The idea of the neutrino.pdf:application/pdf},
}

@article{danby_observation_1962,
	title = {Observation of {High}-{Energy} {Neutrino} {Reactions} and the {Existence} of {Two} {Kinds} of {Neutrinos}},
	volume = {9},
	issn = {0031-9007},
	url = {https://link.aps.org/doi/10.1103/PhysRevLett.9.36},
	doi = {10.1103/PhysRevLett.9.36},
	language = {en},
	number = {1},
	urldate = {2022-02-08},
	journal = {Physical Review Letters},
	author = {Danby, G. and Gaillard, J-M. and Goulianos, K. and Lederman, L. M. and Mistry, N. and Schwartz, M. and Steinberger, J.},
	month = jul,
	year = {1962},
	keywords = {neutrino, neutrino discovery, muon neutrino, accelerator neutrino},
	pages = {36--44},
	file = {Danby et al. - 1962 - Observation of High-Energy Neutrino Reactions and .pdf:/home/cookmanl/snap/zotero-snap/common/Zotero/storage/V5WWIGUN/Danby et al. - 1962 - Observation of High-Energy Neutrino Reactions and .pdf:application/pdf},
}

@article{kodama_observation_2001,
	title = {Observation of tau neutrino interactions},
	volume = {504},
	issn = {03702693},
	url = {https://linkinghub.elsevier.com/retrieve/pii/S0370269301003070},
	doi = {10.1016/S0370-2693(01)00307-0},
	abstract = {The DONUT experiment has analyzed 203 neutrino interactions recorded in nuclear emulsion targets. A decay search has found evidence of four tau neutrino interactions with an estimated background of 0.34 events. This number is consistent with the Standard Model expectation.  2001 Published by Elsevier Science B.V.},
	language = {en},
	number = {3},
	urldate = {2022-02-08},
	journal = {Physics Letters B},
	author = {Kodama, K. and Ushida, N. and Andreopoulos, C. and Saoulidou, N. and Tzanakos, G. and Yager, P. and Baller, B. and Boehnlein, D. and Freeman, W. and Lundberg, B. and Morfin, J. and Rameika, R. and Yun, J.C. and Song, J.S. and Yoon, C.S. and Chung, S.H. and Berghaus, P. and Kubantsev, M. and Reay, N.W. and Sidwell, R. and Stanton, N. and Yoshida, S. and Aoki, S. and Hara, T. and Rhee, J.T. and Ciampa, D. and Erickson, C. and Graham, M. and Heller, K. and Rusack, R. and Schwienhorst, R. and Sielaff, J. and Trammell, J. and Wilcox, J. and Hoshino, K. and Jiko, H. and Miyanishi, M. and Komatsu, M. and Nakamura, M. and Nakano, T. and Niwa, K. and Nonaka, N. and Okada, K. and Sato, O. and Akdogan, T. and Paolone, V. and Rosenfeld, C. and Kulik, A. and Kafka, T. and Oliver, W. and Patzak, T. and Schneps, J.},
	month = apr,
	year = {2001},
	keywords = {neutrino, neutrino discovery, tau neutrinos},
	pages = {218--224},
	file = {Kodama et al. - 2001 - Observation of tau neutrino interactions.pdf:/home/cookmanl/snap/zotero-snap/common/Zotero/storage/FWLUB5E8/Kodama et al. - 2001 - Observation of tau neutrino interactions.pdf:application/pdf},
}

@article{abe_atmospheric_2018,
	title = {Atmospheric neutrino oscillation analysis with external constraints in {Super}-{Kamiokande} {I}-{IV}},
	volume = {97},
	issn = {2470-0010, 2470-0029},
	url = {https://link.aps.org/doi/10.1103/PhysRevD.97.072001},
	doi = {10.1103/PhysRevD.97.072001},
	language = {en},
	number = {7},
	urldate = {2022-02-08},
	journal = {Physical Review D},
	author = {Abe, K. and Bronner, C. and Haga, Y. and Hayato, Y. and Ikeda, M. and Iyogi, K. and Kameda, J. and Kato, Y. and Kishimoto, Y. and Marti, Ll. and Miura, M. and Moriyama, S. and Nakahata, M. and Nakajima, T. and Nakano, Y. and Nakayama, S. and Okajima, Y. and Orii, A. and Pronost, G. and Sekiya, H. and Shiozawa, M. and Sonoda, Y. and Takeda, A. and Takenaka, A. and Tanaka, H. and Tasaka, S. and Tomura, T. and Akutsu, R. and Irvine, T. and Kajita, T. and Kametani, I. and Kaneyuki, K. and Nishimura, Y. and Okumura, K. and Richard, E. and Tsui, K. M. and Labarga, L. and Fernandez, P. and Blaszczyk, F. d. M. and Gustafson, J. and Kachulis, C. and Kearns, E. and Raaf, J. L. and Stone, J. L. and Sulak, L. R. and Berkman, S. and Tobayama, S. and Goldhaber, M. and Carminati, G. and Elnimr, M. and Kropp, W. R. and Mine, S. and Locke, S. and Renshaw, A. and Smy, M. B. and Sobel, H. W. and Takhistov, V. and Weatherly, P. and Ganezer, K. S. and Hartfiel, B. L. and Hill, J. and Hong, N. and Kim, J. Y. and Lim, I. T. and Park, R. G. and Akiri, T. and Himmel, A. and Li, Z. and O’Sullivan, E. and Scholberg, K. and Walter, C. W. and Wongjirad, T. and Ishizuka, T. and Nakamura, T. and Jang, J. S. and Choi, K. and Learned, J. G. and Matsuno, S. and Smith, S. N. and Amey, J. and Litchfield, R. P. and Ma, W. Y. and Uchida, Y. and Wascko, M. O. and Cao, S. and Friend, M. and Hasegawa, T. and Ishida, T. and Ishii, T. and Kobayashi, T. and Nakadaira, T. and Nakamura, K. and Oyama, Y. and Sakashita, K. and Sekiguchi, T. and Tsukamoto, T. and Abe, Ke. and Hasegawa, M. and Suzuki, A. T. and Takeuchi, Y. and Yano, T. and Hayashino, T. and Hirota, S. and Huang, K. and Ieki, K. and Jiang, M. and Kikawa, T. and Nakamura, Ke. and Nakaya, T. and Patel, N. D. and Suzuki, K. and Takahashi, S. and Wendell, R. A. and Anthony, L. H. V. and McCauley, N. and Pritchard, A. and Fukuda, Y. and Itow, Y. and Mitsuka, G. and Murase, M. and Muto, F. and Suzuki, T. and Mijakowski, P. and Frankiewicz, K. and Hignight, J. and Imber, J. and Jung, C. K. and Li, X. and Palomino, J. L. and Santucci, G. and Vilela, C. and Wilking, M. J. and Yanagisawa, C. and Ito, S. and Fukuda, D. and Ishino, H. and Kayano, T. and Kibayashi, A. and Koshio, Y. and Mori, T. and Nagata, H. and Sakuda, M. and Xu, C. and Kuno, Y. and Wark, D. and Di Lodovico, F. and Richards, B. and Tacik, R. and Kim, S. B. and Cole, A. and Thompson, L. and Okazawa, H. and Choi, Y. and Ito, K. and Nishijima, K. and Koshiba, M. and Totsuka, Y. and Suda, Y. and Yokoyama, M. and Calland, R. G. and Hartz, M. and Martens, K. and Quilain, B. and Simpson, C. and Suzuki, Y. and Vagins, M. R. and Hamabe, D. and Kuze, M. and Yoshida, T. and Ishitsuka, M. and Martin, J. F. and Nantais, C. M. and de Perio, P. and Tanaka, H. A. and Konaka, A. and Chen, S. and Wan, L. and Zhang, Y. and Wilkes, R. J. and Minamino, A. and {Super-Kamiokande Collaboration}},
	month = apr,
	year = {2018},
	keywords = {neutrino, Super-Kamiokande, neutrino oscillations, atmospheric neutrinos},
	pages = {072001},
	file = {Abe et al. - 2018 - Atmospheric neutrino oscillation analysis with ext.pdf:/home/cookmanl/snap/zotero-snap/common/Zotero/storage/7S9QXAZZ/Abe et al. - 2018 - Atmospheric neutrino oscillation analysis with ext.pdf:application/pdf},
}

@article{agostini_comprehensive_2020,
	title = {Comprehensive geoneutrino analysis with {Borexino}},
	volume = {101},
	issn = {2470-0010, 2470-0029},
	url = {https://link.aps.org/doi/10.1103/PhysRevD.101.012009},
	doi = {10.1103/PhysRevD.101.012009},
	language = {en},
	number = {1},
	urldate = {2022-02-08},
	journal = {Physical Review D},
	author = {Agostini, M. and Altenmüller, K. and Appel, S. and Atroshchenko, V. and Bagdasarian, Z. and Basilico, D. and Bellini, G. and Benziger, J. and Bick, D. and Bonfini, G. and Bravo, D. and Caccianiga, B. and Calaprice, F. and Caminata, A. and Cappelli, L. and Cavalcante, P. and Cavanna, F. and Chepurnov, A. and Choi, K. and D’Angelo, D. and Davini, S. and Derbin, A. and Di Giacinto, A. and Di Marcello, V. and Ding, X. F. and Di Ludovico, A. and Di Noto, L. and Drachnev, I. and Fiorentini, G. and Formozov, A. and Franco, D. and Gabriele, F. and Galbiati, C. and Gschwender, M. and Ghiano, C. and Giammarchi, M. and Goretti, A. and Gromov, M. and Guffanti, D. and Hagner, C. and Hungerford, E. and Ianni, Aldo and Ianni, Andrea and Jany, A. and Jeschke, D. and Kumaran, S. and Kobychev, V. and Korga, G. and Lachenmaier, T. and Lasserre, T. and Laubenstein, M. and Litvinovich, E. and Lombardi, P. and Lomskaya, I. and Ludhova, L. and Lukyanchenko, G. and Lukyanchenko, L. and Machulin, I. and Mantovani, F. and Manuzio, G. and Marcocci, S. and Maricic, J. and Martyn, J. and Meroni, E. and Meyer, M. and Miramonti, L. and Misiaszek, M. and Montuschi, M. and Muratova, V. and Neumair, B. and Nieslony, M. and Oberauer, L. and Onillon, A. and Orekhov, V. and Ortica, F. and Pallavicini, M. and Papp, L. and Penek, Ö. and Pietrofaccia, L. and Pilipenko, N. and Pocar, A. and Raikov, G. and Ranalli, M. T. and Ranucci, G. and Razeto, A. and Re, A. and Redchuk, M. and Ricci, B. and Romani, A. and Rossi, N. and Rottenanger, S. and Schönert, S. and Semenov, D. and Skorokhvatov, M. and Smirnov, O. and Sotnikov, A. and Strati, V. and Suvorov, Y. and Tartaglia, R. and Testera, G. and Thurn, J. and Unzhakov, E. and Vishneva, A. and Vivier, M. and Vogelaar, R. B. and von Feilitzsch, F. and Wojcik, M. and Wurm, M. and Zaimidoroga, O. and Zavatarelli, S. and Zuber, K. and Zuzel, G. and {Borexino Collaboration}},
	month = jan,
	year = {2020},
	keywords = {reactor anti-nu, oscillation analysis, neutrino, Borexino, geoneutrino},
	pages = {012009},
	file = {Agostini et al. - 2020 - Comprehensive geoneutrino analysis with Borexino.pdf:/home/cookmanl/snap/zotero-snap/common/Zotero/storage/5BQNFRQ6/Agostini et al. - 2020 - Comprehensive geoneutrino analysis with Borexino.pdf:application/pdf},
}

@article{hirata_observation_1987,
	title = {Observation of a neutrino burst from the supernova {SN1987A}},
	volume = {58},
	issn = {0031-9007},
	url = {https://link.aps.org/doi/10.1103/PhysRevLett.58.1490},
	doi = {10.1103/PhysRevLett.58.1490},
	language = {en},
	number = {14},
	urldate = {2022-02-08},
	journal = {Physical Review Letters},
	author = {Hirata, K. and Kajita, T. and Koshiba, M. and Nakahata, M. and Oyama, Y. and Sato, N. and Suzuki, A. and Takita, M. and Totsuka, Y. and Kifune, T. and Suda, T. and Takahashi, K. and Tanimori, T. and Miyano, K. and Yamada, M. and Beier, E. W. and Feldscher, L. R. and Kim, S. B. and Mann, A. K. and Newcomer, F. M. and Van, R. and Zhang, W. and Cortez, B. G.},
	month = apr,
	year = {1987},
	keywords = {neutrino, Kamiokande-II, supernova neutrinos},
	pages = {1490--1493},
	file = {Hirata et al. - 1987 - Observation of a neutrino burst from the supernova.pdf:/home/cookmanl/snap/zotero-snap/common/Zotero/storage/SYGY8JII/Hirata et al. - 1987 - Observation of a neutrino burst from the supernova.pdf:application/pdf},
}

@article{particle_data_group_review_2020,
	title = {Review of {Particle} {Physics}},
	volume = {2020},
	issn = {2050-3911},
	url = {https://academic.oup.com/ptep/article/doi/10.1093/ptep/ptaa104/5891211},
	doi = {10.1093/ptep/ptaa104},
	abstract = {Abstract
            The Review summarizes much of particle physics and cosmology. Using data from previous editions, plus 3,324 new measurements from 878 papers, we list, evaluate, and average measured properties of gauge bosons and the recently discovered Higgs boson, leptons, quarks, mesons, and baryons. We summarize searches for hypothetical particles such as supersymmetric particles, heavy bosons, axions, dark photons, etc. Particle properties and search limits are listed in Summary Tables. We give numerous tables, figures, formulae, and reviews of topics such as Higgs Boson Physics, Supersymmetry, Grand Unified Theories, Neutrino Mixing, Dark Energy, Dark Matter, Cosmology, Particle Detectors, Colliders, Probability and Statistics. Among the 120 reviews are many that are new or heavily revised, including a new review on High Energy Soft QCD and Diffraction and one on the Determination of CKM Angles from B Hadrons.
            The Review is divided into two volumes. Volume 1 includes the Summary Tables and 98 review articles. Volume 2 consists of the Particle Listings and contains also 22 reviews that address specific aspects of the data presented in the Listings.
            The complete Review (both volumes) is published online on the website of the Particle Data Group (pdg.lbl.gov) and in a journal. Volume 1 is available in print as the PDG Book. A Particle Physics Booklet with the Summary Tables and essential tables, figures, and equations from selected review articles is available in print and as a web version optimized for use on phones as well as an Android app.},
	language = {en},
	number = {8},
	urldate = {2022-02-08},
	journal = {Progress of Theoretical and Experimental Physics},
	author = {{Particle Data Group} and Zyla, P A and Barnett, R M and Beringer, J and Dahl, O and Dwyer, D A and Groom, D E and Lin, C -J and Lugovsky, K S and Pianori, E and Robinson, D J and Wohl, C G and Yao, W -M and Agashe, K and Aielli, G and Allanach, B C and Amsler, C and Antonelli, M and Aschenauer, E C and Asner, D M and Baer, H and Banerjee, Sw and Baudis, L and Bauer, C W and Beatty, J J and Belousov, V I and Bethke, S and Bettini, A and Biebel, O and Black, K M and Blucher, E and Buchmuller, O and Burkert, V and Bychkov, M A and Cahn, R N and Carena, M and Ceccucci, A and Cerri, A and Chakraborty, D and Chivukula, R Sekhar and Cowan, G and D'Ambrosio, G and Damour, T and de Florian, D and de Gouvêa, A and DeGrand, T and de Jong, P and Dissertori, G and Dobrescu, B A and D'Onofrio, M and Doser, M and Drees, M and Dreiner, H K and Eerola, P and Egede, U and Eidelman, S and Ellis, J and Erler, J and Ezhela, V V and Fetscher, W and Fields, B D and Foster, B and Freitas, A and Gallagher, H and Garren, L and Gerber, H -J and Gerbier, G and Gershon, T and Gershtein, Y and Gherghetta, T and Godizov, A A and Gonzalez-Garcia, M C and Goodman, M and Grab, C and Gritsan, A V and Grojean, C and Grünewald, M and Gurtu, A and Gutsche, T and Haber, H E and Hanhart, C and Hashimoto, S and Hayato, Y and Hebecker, A and Heinemeyer, S and Heltsley, B and Hernández-Rey, J J and Hikasa, K and Hisano, J and Höcker, A and Holder, J and Holtkamp, A and Huston, J and Hyodo, T and Johnson, K F and Kado, M and Karliner, M and Katz, U F and Kenzie, M and Khoze, V A and Klein, S R and Klempt, E and Kowalewski, R V and Krauss, F and Kreps, M and Krusche, B and Kwon, Y and Lahav, O and Laiho, J and Lellouch, L P and Lesgourgues, J and Liddle, A R and Ligeti, Z and Lippmann, C and Liss, T M and Littenberg, L and Lourengo, C and Lugovsky, S B and Lusiani, A and Makida, Y and Maltoni, F and Mannel, T and Manohar, A V and Marciano, W J and Masoni, A and Matthews, J and Meißner, U -G and Mikhasenko, M and Miller, D J and Milstead, D and Mitchell, R E and Mönig, K and Molaro, P and Moortgat, F and Moskovic, M and Nakamura, K and Narain, M and Nason, P and Navas, S and Neubert, M and Nevski, P and Nir, Y and Olive, K A and Patrignani, C and Peacock, J A and Petcov, S T and Petrov, V A and Pich, A and Piepke, A and Pomarol, A and Profumo, S and Quadt, A and Rabbertz, K and Rademacker, J and Raffelt, G and Ramani, H and Ramsey-Musolf, M and Ratcliff, B N and Richardson, P and Ringwald, A and Roesler, S and Rolli, S and Romaniouk, A and Rosenberg, L J and Rosner, J L and Rybka, G and Ryskin, M and Ryutin, R A and Sakai, Y and Salam, G P and Sarkar, S and Sauli, F and Schneider, O and Scholberg, K and Schwartz, A J and Schwiening, J and Scott, D and Sharma, V and Sharpe, S R and Shutt, T and Silari, M and Sjöstrand, T and Skands, P and Skwarnicki, T and Smoot, G F and Soffer, A and Sozzi, M S and Spanier, S and Spiering, C and Stahl, A and Stone, S L and Sumino, Y and Sumiyoshi, T and Syphers, M J and Takahashi, F and Tanabashi, M and Tanaka, J and Taševský, M and Terashi, K and Terning, J and Thoma, U and Thorne, R S and Tiator, L and Titov, M and Tkachenko, N P and Tovey, D R and Trabelsi, K and Urquijo, P and Valencia, G and Van de Water, R and Varelas, N and Venanzoni, G and Verde, L and Vincter, M G and Vogel, P and Vogelsang, W and Vogt, A and Vorobyev, V and Wakely, S P and Walkowiak, W and Walter, C W and Wands, D and Wascko, M O and Weinberg, D H and Weinberg, E J and White, M and Wiencke, L R and Willocq, S and Woody, C L and Workman, R L and Yokoyama, M and Yoshida, R and Zanderighi, G and Zeller, G P and Zenin, O V and Zhu, R -Y and Zhu, S -L and Zimmermann, F and Anderson, J and Basaglia, T and Lugovsky, V S and Schaffner, P and Zheng, W},
	month = aug,
	year = {2020},
	keywords = {pdg, review},
	pages = {083C01},
	file = {Full Text:/home/cookmanl/snap/zotero-snap/common/Zotero/storage/ZG9LRCQL/Particle Data Group et al. - 2020 - Review of Particle Physics.pdf:application/pdf},
}

@article{cleveland_measurement_1998,
	title = {Measurement of the {Solar} {Electron} {Neutrino} {Flux} with the {Homestake} {Chlorine} {Detector}},
	volume = {496},
	issn = {0004-637X},
	url = {https://iopscience.iop.org/article/10.1086/305343/meta},
	doi = {10.1086/305343},
	language = {en},
	number = {1},
	urldate = {2022-02-08},
	journal = {The Astrophysical Journal},
	author = {Cleveland, Bruce T. and Daily, Timothy and Raymond Davis, Jr and Distel, James R. and Lande, Kenneth and Lee, C. K. and Wildenhain, Paul S. and Ullman, Jack},
	month = mar,
	year = {1998},
	note = {Publisher: IOP Publishing},
	keywords = {neutrino, neutrino oscillations, Homestake, solar neutrinos},
	pages = {505},
	file = {Full Text PDF:/home/cookmanl/snap/zotero-snap/common/Zotero/storage/SBLMXPPL/Cleveland et al. - 1998 - Measurement of the Solar Electron Neutrino Flux wi.pdf:application/pdf;Snapshot:/home/cookmanl/snap/zotero-snap/common/Zotero/storage/ERTRGL7K/305343.html:text/html},
}

@article{wilks_large-sample_1938,
	title = {The {Large}-{Sample} {Distribution} of the {Likelihood} {Ratio} for {Testing} {Composite} {Hypotheses}},
	volume = {9},
	issn = {0003-4851, 2168-8990},
	url = {https://projecteuclid.org/journals/annals-of-mathematical-statistics/volume-9/issue-1/The-Large-Sample-Distribution-of-the-Likelihood-Ratio-for-Testing/10.1214/aoms/1177732360.full},
	doi = {10.1214/aoms/1177732360},
	abstract = {The Annals of Mathematical Statistics},
	number = {1},
	urldate = {2022-02-08},
	journal = {The Annals of Mathematical Statistics},
	author = {Wilks, S. S.},
	month = mar,
	year = {1938},
	note = {Publisher: Institute of Mathematical Statistics},
	keywords = {statistics},
	pages = {60--62},
	file = {Full Text PDF:/home/cookmanl/snap/zotero-snap/common/Zotero/storage/HH9YBJUM/Wilks - 1938 - The Large-Sample Distribution of the Likelihood Ra.pdf:application/pdf;Snapshot:/home/cookmanl/snap/zotero-snap/common/Zotero/storage/VG3PWLRH/1177732360.html:text/html},
}

@misc{lebanowski_sno_2020,
	title = {{SNO}+ {Internal} {Database} {DocDB} 6203},
	author = {Lebanowski, L.},
	year = {2020},
}
